%YAML 1.1
%TAG !u! tag:unity3d.com,2011:
--- !u!1 &909228003
GameObject:
  m_ObjectHideFlags: 0
  m_CorrespondingSourceObject: {fileID: 0}
  m_PrefabInstance: {fileID: 0}
  m_PrefabAsset: {fileID: 0}
  serializedVersion: 6
  m_Component:
  - component: {fileID: 909228004}
  - component: {fileID: 909228005}
  m_Layer: 0
  m_Name: FightController
  m_TagString: Untagged
  m_Icon: {fileID: 0}
  m_NavMeshLayer: 0
  m_StaticEditorFlags: 0
  m_IsActive: 1
--- !u!4 &909228004
Transform:
  m_ObjectHideFlags: 0
  m_CorrespondingSourceObject: {fileID: 0}
  m_PrefabInstance: {fileID: 0}
  m_PrefabAsset: {fileID: 0}
  m_GameObject: {fileID: 909228003}
  m_LocalRotation: {x: 0, y: 0, z: 0, w: 1}
  m_LocalPosition: {x: 0, y: 0, z: 0}
  m_LocalScale: {x: 1, y: 1, z: 1}
  m_Children: []
  m_Father: {fileID: 2829476800648570757}
  m_RootOrder: 1
  m_LocalEulerAnglesHint: {x: 0, y: 0, z: 0}
--- !u!114 &909228005
MonoBehaviour:
  m_ObjectHideFlags: 0
  m_CorrespondingSourceObject: {fileID: 0}
  m_PrefabInstance: {fileID: 0}
  m_PrefabAsset: {fileID: 0}
  m_GameObject: {fileID: 909228003}
  m_Enabled: 1
  m_EditorHideFlags: 0
  m_Script: {fileID: 11500000, guid: 8f3bcd37bd078d84581462fa94b4ae7b, type: 3}
  m_Name: 
  m_EditorClassIdentifier: 
  GoodRobot: {fileID: 1387482053138917923}
  BadRobot: {fileID: 1387482051737752316}
--- !u!1 &2652852341240252614
GameObject:
  m_ObjectHideFlags: 0
  m_CorrespondingSourceObject: {fileID: 0}
  m_PrefabInstance: {fileID: 0}
  m_PrefabAsset: {fileID: 0}
  serializedVersion: 6
  m_Component:
  - component: {fileID: 2636152399142544794}
  - component: {fileID: 9134659909824136620}
  - component: {fileID: 6662360721014372010}
  m_Layer: 0
  m_Name: Location
  m_TagString: Untagged
  m_Icon: {fileID: 0}
  m_NavMeshLayer: 0
  m_StaticEditorFlags: 0
  m_IsActive: 1
--- !u!4 &2636152399142544794
Transform:
  m_ObjectHideFlags: 0
  m_CorrespondingSourceObject: {fileID: 0}
  m_PrefabInstance: {fileID: 0}
  m_PrefabAsset: {fileID: 0}
  m_GameObject: {fileID: 2652852341240252614}
  m_LocalRotation: {x: -0, y: -0, z: -0, w: 1}
  m_LocalPosition: {x: 0, y: 0, z: 0}
  m_LocalScale: {x: 1, y: 1, z: 1}
  m_Children: []
  m_Father: {fileID: 2829476800648570757}
  m_RootOrder: 0
  m_LocalEulerAnglesHint: {x: 0, y: 0, z: 0}
--- !u!212 &9134659909824136620
SpriteRenderer:
  m_ObjectHideFlags: 0
  m_CorrespondingSourceObject: {fileID: 0}
  m_PrefabInstance: {fileID: 0}
  m_PrefabAsset: {fileID: 0}
  m_GameObject: {fileID: 2652852341240252614}
  m_Enabled: 1
  m_CastShadows: 0
  m_ReceiveShadows: 0
  m_DynamicOccludee: 1
  m_MotionVectors: 1
  m_LightProbeUsage: 1
  m_ReflectionProbeUsage: 1
  m_RenderingLayerMask: 1
  m_RendererPriority: 0
  m_Materials:
  - {fileID: 10754, guid: 0000000000000000f000000000000000, type: 0}
  m_StaticBatchInfo:
    firstSubMesh: 0
    subMeshCount: 0
  m_StaticBatchRoot: {fileID: 0}
  m_ProbeAnchor: {fileID: 0}
  m_LightProbeVolumeOverride: {fileID: 0}
  m_ScaleInLightmap: 1
  m_ReceiveGI: 1
  m_PreserveUVs: 0
  m_IgnoreNormalsForChartDetection: 0
  m_ImportantGI: 0
  m_StitchLightmapSeams: 1
  m_SelectedEditorRenderState: 0
  m_MinimumChartSize: 4
  m_AutoUVMaxDistance: 0.5
  m_AutoUVMaxAngle: 89
  m_LightmapParameters: {fileID: 0}
  m_SortingLayerID: 0
  m_SortingLayer: 0
  m_SortingOrder: 0
  m_Sprite: {fileID: 21300000, guid: e43d7b2ed9f329544a4dc52f19a40617, type: 3}
  m_Color: {r: 1, g: 1, b: 1, a: 1}
  m_FlipX: 0
  m_FlipY: 0
  m_DrawMode: 0
  m_Size: {x: 36.6, y: 15.976757}
  m_AdaptiveModeThreshold: 0.5
  m_SpriteTileMode: 0
  m_WasSpriteAssigned: 1
  m_MaskInteraction: 0
  m_SpriteSortPoint: 0
--- !u!114 &6662360721014372010
MonoBehaviour:
  m_ObjectHideFlags: 0
  m_CorrespondingSourceObject: {fileID: 0}
  m_PrefabInstance: {fileID: 0}
  m_PrefabAsset: {fileID: 0}
  m_GameObject: {fileID: 2652852341240252614}
  m_Enabled: 1
  m_EditorHideFlags: 0
  m_Script: {fileID: 11500000, guid: 9b22b3c3200e50844afdfcf516fccb34, type: 3}
  m_Name: 
  m_EditorClassIdentifier: 
  backgroundRenderer: {fileID: 0}
  FightController: {fileID: 909228005}
--- !u!1 &2829476800648570779
GameObject:
  m_ObjectHideFlags: 0
  m_CorrespondingSourceObject: {fileID: 0}
  m_PrefabInstance: {fileID: 0}
  m_PrefabAsset: {fileID: 0}
  serializedVersion: 6
  m_Component:
  - component: {fileID: 2829476800648570757}
  - component: {fileID: 2829476800648570778}
  m_Layer: 0
  m_Name: Level5
  m_TagString: Untagged
  m_Icon: {fileID: 0}
  m_NavMeshLayer: 0
  m_StaticEditorFlags: 0
  m_IsActive: 0
--- !u!4 &2829476800648570757
Transform:
  m_ObjectHideFlags: 0
  m_CorrespondingSourceObject: {fileID: 0}
  m_PrefabInstance: {fileID: 0}
  m_PrefabAsset: {fileID: 0}
  m_GameObject: {fileID: 2829476800648570779}
  m_LocalRotation: {x: 0, y: 0, z: 0, w: 1}
  m_LocalPosition: {x: 0, y: 1, z: 0}
  m_LocalScale: {x: 1, y: 1, z: 1}
  m_Children:
  - {fileID: 2636152399142544794}
  - {fileID: 909228004}
  - {fileID: 5378831061384084227}
  - {fileID: 5378831062837134300}
  - {fileID: 515275557}
  m_Father: {fileID: 0}
  m_RootOrder: 0
  m_LocalEulerAnglesHint: {x: 0, y: 0, z: 0}
--- !u!114 &2829476800648570778
MonoBehaviour:
  m_ObjectHideFlags: 0
  m_CorrespondingSourceObject: {fileID: 0}
  m_PrefabInstance: {fileID: 0}
  m_PrefabAsset: {fileID: 0}
  m_GameObject: {fileID: 2829476800648570779}
  m_Enabled: 1
  m_EditorHideFlags: 0
  m_Script: {fileID: 11500000, guid: 37d314a22b2aca14b927634310da3aec, type: 3}
  m_Name: 
  m_EditorClassIdentifier: 
  previousLevel: {fileID: 0}
  nextLevel: {fileID: 0}
  locations:
  - {fileID: 0}
  isLocked: 0
--- !u!1001 &367374916313793694
PrefabInstance:
  m_ObjectHideFlags: 0
  serializedVersion: 2
  m_Modification:
    m_TransformParent: {fileID: 2829476800648570757}
    m_Modifications:
    - target: {fileID: 1610175513829502653, guid: e2944c277c24dc74c90df5e722121f88,
        type: 3}
      propertyPath: RandomAttackTriggers.Array.size
      value: 1
      objectReference: {fileID: 0}
    - target: {fileID: 1610175513829502653, guid: e2944c277c24dc74c90df5e722121f88,
        type: 3}
      propertyPath: RandomAttackSystems.Array.size
      value: 1
      objectReference: {fileID: 0}
    - target: {fileID: 1610175513829502653, guid: e2944c277c24dc74c90df5e722121f88,
        type: 3}
      propertyPath: DamageEnemyDelay
      value: 0.1
      objectReference: {fileID: 0}
    - target: {fileID: 1610175513829502653, guid: e2944c277c24dc74c90df5e722121f88,
        type: 3}
      propertyPath: RecoverUI
      value: 
      objectReference: {fileID: 515275558}
    - target: {fileID: 1610175513829502653, guid: e2944c277c24dc74c90df5e722121f88,
        type: 3}
      propertyPath: RandomAttackTriggers.Array.data[0]
      value: Weapon1
      objectReference: {fileID: 0}
    - target: {fileID: 1610175513829502653, guid: e2944c277c24dc74c90df5e722121f88,
        type: 3}
      propertyPath: RandomAttackSystems.Array.data[0]
      value: 3
      objectReference: {fileID: 0}
    - target: {fileID: 5745572572027125661, guid: e2944c277c24dc74c90df5e722121f88,
        type: 3}
      propertyPath: m_LocalPosition.x
      value: -9.05
      objectReference: {fileID: 0}
    - target: {fileID: 5745572572027125661, guid: e2944c277c24dc74c90df5e722121f88,
        type: 3}
      propertyPath: m_LocalPosition.y
      value: -0.83
      objectReference: {fileID: 0}
    - target: {fileID: 5745572572027125661, guid: e2944c277c24dc74c90df5e722121f88,
        type: 3}
      propertyPath: m_LocalPosition.z
      value: 0
      objectReference: {fileID: 0}
    - target: {fileID: 5745572572027125661, guid: e2944c277c24dc74c90df5e722121f88,
        type: 3}
      propertyPath: m_LocalRotation.x
      value: 0
      objectReference: {fileID: 0}
    - target: {fileID: 5745572572027125661, guid: e2944c277c24dc74c90df5e722121f88,
        type: 3}
      propertyPath: m_LocalRotation.y
      value: 0
      objectReference: {fileID: 0}
    - target: {fileID: 5745572572027125661, guid: e2944c277c24dc74c90df5e722121f88,
        type: 3}
      propertyPath: m_LocalRotation.z
      value: 0
      objectReference: {fileID: 0}
    - target: {fileID: 5745572572027125661, guid: e2944c277c24dc74c90df5e722121f88,
        type: 3}
      propertyPath: m_LocalRotation.w
      value: 1
      objectReference: {fileID: 0}
    - target: {fileID: 5745572572027125661, guid: e2944c277c24dc74c90df5e722121f88,
        type: 3}
      propertyPath: m_RootOrder
      value: 2
      objectReference: {fileID: 0}
    - target: {fileID: 5745572572027125661, guid: e2944c277c24dc74c90df5e722121f88,
        type: 3}
      propertyPath: m_LocalEulerAnglesHint.x
      value: 0
      objectReference: {fileID: 0}
    - target: {fileID: 5745572572027125661, guid: e2944c277c24dc74c90df5e722121f88,
        type: 3}
      propertyPath: m_LocalEulerAnglesHint.y
      value: 0
      objectReference: {fileID: 0}
    - target: {fileID: 5745572572027125661, guid: e2944c277c24dc74c90df5e722121f88,
        type: 3}
      propertyPath: m_LocalEulerAnglesHint.z
      value: 0
      objectReference: {fileID: 0}
    - target: {fileID: 8069458675102797234, guid: e2944c277c24dc74c90df5e722121f88,
        type: 3}
      propertyPath: m_Name
      value: LeftRobot
      objectReference: {fileID: 0}
    m_RemovedComponents: []
  m_SourcePrefab: {fileID: 100100000, guid: e2944c277c24dc74c90df5e722121f88, type: 3}
--- !u!4 &5378831061384084227 stripped
Transform:
  m_CorrespondingSourceObject: {fileID: 5745572572027125661, guid: e2944c277c24dc74c90df5e722121f88,
    type: 3}
  m_PrefabInstance: {fileID: 367374916313793694}
  m_PrefabAsset: {fileID: 0}
--- !u!114 &1387482053138917923 stripped
MonoBehaviour:
  m_CorrespondingSourceObject: {fileID: 1610175513829502653, guid: e2944c277c24dc74c90df5e722121f88,
    type: 3}
  m_PrefabInstance: {fileID: 367374916313793694}
  m_PrefabAsset: {fileID: 0}
  m_GameObject: {fileID: 0}
  m_Enabled: 1
  m_EditorHideFlags: 0
  m_Script: {fileID: 11500000, guid: f99562abbf7c02543ada4f41f8a29d23, type: 3}
  m_Name: 
  m_EditorClassIdentifier: 
--- !u!1001 &367374917179145281
PrefabInstance:
  m_ObjectHideFlags: 0
  serializedVersion: 2
  m_Modification:
    m_TransformParent: {fileID: 2829476800648570757}
    m_Modifications:
    - target: {fileID: 1610175513829502653, guid: e2944c277c24dc74c90df5e722121f88,
        type: 3}
      propertyPath: RandomAttackTriggers.Array.size
      value: 3
      objectReference: {fileID: 0}
    - target: {fileID: 1610175513829502653, guid: e2944c277c24dc74c90df5e722121f88,
        type: 3}
      propertyPath: RandomAttackSystems.Array.size
      value: 3
      objectReference: {fileID: 0}
    - target: {fileID: 1610175513829502653, guid: e2944c277c24dc74c90df5e722121f88,
        type: 3}
      propertyPath: RobotHitDamage
      value: 30
      objectReference: {fileID: 0}
    - target: {fileID: 1610175513829502653, guid: e2944c277c24dc74c90df5e722121f88,
        type: 3}
      propertyPath: CheckAttackDelay
      value: 1
      objectReference: {fileID: 0}
    - target: {fileID: 1610175513829502653, guid: e2944c277c24dc74c90df5e722121f88,
        type: 3}
      propertyPath: DamageEnemyDelay
      value: 0.5
      objectReference: {fileID: 0}
    - target: {fileID: 1610175513829502653, guid: e2944c277c24dc74c90df5e722121f88,
        type: 3}
      propertyPath: RandomAttackTriggers.Array.data[0]
      value: Weapon1
      objectReference: {fileID: 0}
    - target: {fileID: 1610175513829502653, guid: e2944c277c24dc74c90df5e722121f88,
        type: 3}
      propertyPath: RandomAttackTriggers.Array.data[1]
      value: Weapon2
      objectReference: {fileID: 0}
    - target: {fileID: 1610175513829502653, guid: e2944c277c24dc74c90df5e722121f88,
        type: 3}
      propertyPath: RandomAttackTriggers.Array.data[2]
      value: Weapon3
      objectReference: {fileID: 0}
    - target: {fileID: 1610175513829502653, guid: e2944c277c24dc74c90df5e722121f88,
        type: 3}
      propertyPath: RandomAttackSystems.Array.data[0]
      value: 3
      objectReference: {fileID: 0}
    - target: {fileID: 1610175513829502653, guid: e2944c277c24dc74c90df5e722121f88,
        type: 3}
      propertyPath: RandomAttackSystems.Array.data[1]
      value: 2
      objectReference: {fileID: 0}
    - target: {fileID: 1610175513829502653, guid: e2944c277c24dc74c90df5e722121f88,
        type: 3}
      propertyPath: RandomAttackSystems.Array.data[2]
      value: 1
      objectReference: {fileID: 0}
    - target: {fileID: 5745572572027125661, guid: e2944c277c24dc74c90df5e722121f88,
        type: 3}
      propertyPath: m_LocalPosition.x
      value: 5.12
      objectReference: {fileID: 0}
    - target: {fileID: 5745572572027125661, guid: e2944c277c24dc74c90df5e722121f88,
        type: 3}
      propertyPath: m_LocalPosition.y
      value: -1.5
      objectReference: {fileID: 0}
    - target: {fileID: 5745572572027125661, guid: e2944c277c24dc74c90df5e722121f88,
        type: 3}
      propertyPath: m_LocalPosition.z
      value: 0
      objectReference: {fileID: 0}
    - target: {fileID: 5745572572027125661, guid: e2944c277c24dc74c90df5e722121f88,
        type: 3}
      propertyPath: m_LocalRotation.x
      value: 0
      objectReference: {fileID: 0}
    - target: {fileID: 5745572572027125661, guid: e2944c277c24dc74c90df5e722121f88,
        type: 3}
      propertyPath: m_LocalRotation.y
      value: -1
      objectReference: {fileID: 0}
    - target: {fileID: 5745572572027125661, guid: e2944c277c24dc74c90df5e722121f88,
        type: 3}
      propertyPath: m_LocalRotation.z
      value: 0
      objectReference: {fileID: 0}
    - target: {fileID: 5745572572027125661, guid: e2944c277c24dc74c90df5e722121f88,
        type: 3}
      propertyPath: m_LocalRotation.w
      value: 0
      objectReference: {fileID: 0}
    - target: {fileID: 5745572572027125661, guid: e2944c277c24dc74c90df5e722121f88,
        type: 3}
      propertyPath: m_RootOrder
      value: 3
      objectReference: {fileID: 0}
    - target: {fileID: 5745572572027125661, guid: e2944c277c24dc74c90df5e722121f88,
        type: 3}
      propertyPath: m_LocalEulerAnglesHint.x
      value: 0
      objectReference: {fileID: 0}
    - target: {fileID: 5745572572027125661, guid: e2944c277c24dc74c90df5e722121f88,
        type: 3}
      propertyPath: m_LocalEulerAnglesHint.y
      value: -180
      objectReference: {fileID: 0}
    - target: {fileID: 5745572572027125661, guid: e2944c277c24dc74c90df5e722121f88,
        type: 3}
      propertyPath: m_LocalEulerAnglesHint.z
      value: 0
      objectReference: {fileID: 0}
    - target: {fileID: 8069458675102797234, guid: e2944c277c24dc74c90df5e722121f88,
        type: 3}
      propertyPath: m_Name
      value: RightRobot
      objectReference: {fileID: 0}
    m_RemovedComponents: []
  m_SourcePrefab: {fileID: 100100000, guid: e2944c277c24dc74c90df5e722121f88, type: 3}
--- !u!4 &5378831062837134300 stripped
Transform:
  m_CorrespondingSourceObject: {fileID: 5745572572027125661, guid: e2944c277c24dc74c90df5e722121f88,
    type: 3}
  m_PrefabInstance: {fileID: 367374917179145281}
  m_PrefabAsset: {fileID: 0}
--- !u!114 &1387482051737752316 stripped
MonoBehaviour:
  m_CorrespondingSourceObject: {fileID: 1610175513829502653, guid: e2944c277c24dc74c90df5e722121f88,
    type: 3}
  m_PrefabInstance: {fileID: 367374917179145281}
  m_PrefabAsset: {fileID: 0}
  m_GameObject: {fileID: 0}
  m_Enabled: 1
  m_EditorHideFlags: 0
  m_Script: {fileID: 11500000, guid: f99562abbf7c02543ada4f41f8a29d23, type: 3}
  m_Name: 
  m_EditorClassIdentifier: 
--- !u!1001 &2407439895496280249
PrefabInstance:
  m_ObjectHideFlags: 0
  serializedVersion: 2
  m_Modification:
    m_TransformParent: {fileID: 2829476800648570757}
    m_Modifications:
    - target: {fileID: 2407439895604671388, guid: 6aea82cce23f24e488b2a3434455b859,
        type: 3}
      propertyPath: m_LocalPosition.x
      value: 0
      objectReference: {fileID: 0}
    - target: {fileID: 2407439895604671388, guid: 6aea82cce23f24e488b2a3434455b859,
        type: 3}
      propertyPath: m_LocalPosition.y
      value: 0
      objectReference: {fileID: 0}
    - target: {fileID: 2407439895604671388, guid: 6aea82cce23f24e488b2a3434455b859,
        type: 3}
      propertyPath: m_LocalPosition.z
      value: 0
      objectReference: {fileID: 0}
    - target: {fileID: 2407439895604671388, guid: 6aea82cce23f24e488b2a3434455b859,
        type: 3}
      propertyPath: m_LocalRotation.x
      value: 0
      objectReference: {fileID: 0}
    - target: {fileID: 2407439895604671388, guid: 6aea82cce23f24e488b2a3434455b859,
        type: 3}
      propertyPath: m_LocalRotation.y
      value: 0
      objectReference: {fileID: 0}
    - target: {fileID: 2407439895604671388, guid: 6aea82cce23f24e488b2a3434455b859,
        type: 3}
      propertyPath: m_LocalRotation.z
      value: 0
      objectReference: {fileID: 0}
    - target: {fileID: 2407439895604671388, guid: 6aea82cce23f24e488b2a3434455b859,
        type: 3}
      propertyPath: m_LocalRotation.w
      value: 1
      objectReference: {fileID: 0}
    - target: {fileID: 2407439895604671388, guid: 6aea82cce23f24e488b2a3434455b859,
        type: 3}
      propertyPath: m_RootOrder
      value: 4
      objectReference: {fileID: 0}
    - target: {fileID: 2407439895604671388, guid: 6aea82cce23f24e488b2a3434455b859,
        type: 3}
      propertyPath: m_LocalEulerAnglesHint.x
      value: 0
      objectReference: {fileID: 0}
    - target: {fileID: 2407439895604671388, guid: 6aea82cce23f24e488b2a3434455b859,
        type: 3}
      propertyPath: m_LocalEulerAnglesHint.y
      value: 0
      objectReference: {fileID: 0}
    - target: {fileID: 2407439895604671388, guid: 6aea82cce23f24e488b2a3434455b859,
        type: 3}
      propertyPath: m_LocalEulerAnglesHint.z
      value: 0
      objectReference: {fileID: 0}
    - target: {fileID: 2407439895604671389, guid: 6aea82cce23f24e488b2a3434455b859,
        type: 3}
      propertyPath: m_Name
      value: RecoverController
      objectReference: {fileID: 0}
    m_RemovedComponents: []
  m_SourcePrefab: {fileID: 100100000, guid: 6aea82cce23f24e488b2a3434455b859, type: 3}
--- !u!4 &515275557 stripped
Transform:
  m_CorrespondingSourceObject: {fileID: 2407439895604671388, guid: 6aea82cce23f24e488b2a3434455b859,
    type: 3}
  m_PrefabInstance: {fileID: 2407439895496280249}
  m_PrefabAsset: {fileID: 0}
--- !u!114 &515275558 stripped
MonoBehaviour:
  m_CorrespondingSourceObject: {fileID: 2407439895604671391, guid: 6aea82cce23f24e488b2a3434455b859,
    type: 3}
  m_PrefabInstance: {fileID: 2407439895496280249}
  m_PrefabAsset: {fileID: 0}
  m_GameObject: {fileID: 0}
  m_Enabled: 1
  m_EditorHideFlags: 0
  m_Script: {fileID: 11500000, guid: 018569e427728a449b537cc5f0696af8, type: 3}
  m_Name: 
  m_EditorClassIdentifier: 
